
@article{brand13,
    author="Jeffery Brand and Shelley Kinash",
    title="Crafting minds in Minecraft",
    journal="Learning and Teaching papers",
    publisher="ePublications@bond",
    volume="53",
    year="2013"
}

@phdthesis{habgood07,
    author="Matthew Peter James Habgood",
    title="The Effective Integration of Digital Games and Learning Content",
    school="University of Nottingham",
    year="2007",
    month="July"
}

@misc{website:minecraft,
    author="{Mojang AB}",
    title="Minecraft",
    month="November",
    year="2013",
    url="http://www.minecraft.net"
}

@article{short12,
    author="Daniel Short",
    title="Teaching scientific concepts using a virtual world - Minecraft",
    journal="Teaching Science",
    volume="58",
    number="3",
    year="2012"
}

@article{brooks87,
    author="Frederick P Brooks",
    title="No Silver Bullet: Essence and Accidents of Software Engineering",
    journal="IEEE Computer",
    volume="20",
    number="4",
    pages="10-19",
    year="1987"
}

@book{sommerville11,
    author="Ian Sommerville",
    title="Software Engineering",
    edition="9th",
    year="2011",
    publisher="Pearson Education",
    address="London, England"
}

@book{jacques00,
    author="David Jacques and Gilly Salmon",
    title="Learning in Groups",
    edition="4th",
    year="2000",
    publisher="Routledge",
    address="Abingdon, England"
}

@book{johnson94,
    author="David W Johnson and Roget T Johnson",
    title="Learning Together and Alone",
    edition="4th",
    year="1994",
    publisher="Allyn and Bacon",
    address="Needham Heights"
}

@article{yackel91,
    author="Erna Yackel and Paul Cobb and Terry Wood",
    title="Small-group interactions as a source of learning opportunities in second-grade mathematics",
    journal="Journal for Research in Mathematics Education",
    year="1991",
    volume="22",
    issue="5",
    pages="390-408"
}

@misc{website:mcwiki,
    author="{Minecraft Wiki}",
    title="{Minecraft in education - Minecraft Wiki}",
    month="December",
    year="2013",
    url="http://minecraft.gamepedia.com/Minecraft\_in\_education"
}

@misc{website:mcforgewiki,
    author="{MinecraftForge Wiki}",
    title="{Tutorials - Minecraft Forge}",
    month="December",
    year="2013",
    url="http://www.minecraftforge.net/wiki/Tutorials"
}

@phdthesis{whitton07,
    author="Nicola Jane Whitton",
    title="An investigation into the potential of collaborative computer game-based learning in Higher Education",
    school="Edinburgh Napier University",
    year="2007",
    month="August"
}

% Optional fields: author, title, howpublished, month, year, note
@MISC{website:minecraft-controls,
    author="{MinecraftWiki}",
    title="{Controls - Minecraft Wiki}",
    month="March",
    year="2014",
    url="http://minecraft.gamepedia.com/Controls"
}

@misc{website:minecraft-adventure,
    author="{Minecraft Wiki}",
    title="{Adventure - Minecraft Wiki}",
    month="March",
    year="2014",
    url="http://minecraft.gamepedia.com/Adventure"
}

@misc{website:minecraft-item,
    author="{Minecraft Wiki}",
    title="{Item - Minecraft Wiki}",
    month="March",
    year="2014",
    url="http://minecraft.gamepedia.com/Item"
}

@misc{website:minecraft-blocks,
    author="{Minecraft Wiki}",
    title="{Blocks - Minecraft Wiki}",
    month="March",
    year="2014",
    url="http://minecraft.gamepedia.com/Blocks"
}

@misc{website:minecraft-table,
    author="{Minecraft Wiki}",
    title="{Crafting Table - Minecraft Wiki}",
    month="March",
    year="2014",
    url="http://minecraft.gamepedia.com/Crafting\_bench"}
}

@misc{website:minecraft-mobs,
    author="{Minecraft Wiki}",
    title="{Mobs - Minecraft Wiki}",
    month="March",
    year="2014",
    url="http://minecraft.gamepedia.com/Mobs"}
}

@misc{website:minecraft-creative,
    author="{Minecraft Wiki}",
    title="{Creative - Minecraft Wiki}",
    month="March",
    year="2014",
    url="http://minecraft.gamepedia.com/Creative"}
}

@misc{website:forge-basemods,
    author="{Minecraft Forge Wiki}",
    title="{Base Mod Class - Basic Modding - Minecraft Forge Wiki}",
    month="March",
    year="2014",
    url="http://www.minecraftforge.net/wiki/Basic\_Modding\#Base\_Mod\_Class"}
}

@misc{website:forge-proxy,
    author="{Minecraft Forge Wiki}",
    title="{Proxy Classes - Basic Modding - Minecraft Forge Wiki}",
    month="March",
    year="2014",
    url="http://www.minecraftforge.net/wiki/Basic\_Modding\#Proxy\_Classes"}
}

@misc{website:forge-container,
    author="{Minecraft Forge Wiki}",
    title="{Creating a Container - Containers and GUIs - Minecraft Forge Wiki}",
    month="March",
    year="2014",
    url="http://www.minecraftforge.net/wiki/Containers\_and\_GUIs\#Creating\_the	\_container"}
}

@misc{website:forge-shaped,
    author="{Minecraft Forge Wiki}",
    title="{Shaped Crafting - CCrafting and Smelting - Minecraft Forge Wiki}",
    month="March",
    year="2014",
    url="http://www.minecraftforge.net/wiki/Crafting\_and\_Smelting\#Shaped\_Crafting"}
}

% Optional fields: author, title, howpublished, month, year, note
@MISC{website:junit,
    author="JUnit",
    title="JUnit",
    url="junit.org"
}
